@ARTICLE{Adibekyan-12,
   author = {{Adibekyan}, V.~Z. and {Sousa}, S.~G. and {Santos}, N.~C. and 
	{Delgado Mena}, E. and {Gonz{\'a}lez Hern{\'a}ndez}, J.~I. and 
	{Israelian}, G. and {Mayor}, M. and {Khachatryan}, G.},
    title = "{Chemical abundances of 1111 FGK stars from the HARPS GTO planet search program. Galactic stellar populations and planets}",
  journal = {\aap},
archivePrefix = "arXiv",
   eprint = {1207.2388},
 primaryClass = "astro-ph.EP",
 keywords = {stars: abundances, planetary systems, stars: fundamental parameters, Galaxy: disk, solar neighborhood, stars: kinematics and dynamics},
     year = 2012,
    month = sep,
   volume = 545,
      eid = {A32},
    pages = {A32},
      doi = {10.1051/0004-6361/201219401},
   adsurl = {http://adsabs.harvard.edu/abs/2012A%26A...545A..32A},
  adsnote = {Provided by the SAO/NASA Astrophysics Data System}
}





@BOOK{Kurucz-93,
   author = {{Kurucz}, R.~L.},
    title = "{SYNTHE spectrum synthesis programs and line data}",
booktitle = {Kurucz CD-ROM, Cambridge, MA: Smithsonian Astrophysical Observatory, |c1993, December 4, 1993},
     year = 1993,
   adsurl = {http://adsabs.harvard.edu/abs/1993sssp.book.....K},
  adsnote = {Provided by the SAO/NASA Astrophysics Data System}
}


@PHDTHESIS{Sneden-73,
   author = {{Sneden}, C.~A.},
    title = "{Carbon and Nitrogen Abundances in Metal-Poor Stars.}",
   school = {THE UNIVERSITY OF TEXAS AT AUSTIN.},
     year = 1973,
   adsurl = {http://adsabs.harvard.edu/abs/1973PhDT.......180S},
  adsnote = {Provided by the SAO/NASA Astrophysics Data System}
}


@ARTICLE{Sousa-14,
   author = {{Sousa}, S.~G.},
    title = "{ARES+MOOG - a practical overview of an EW method to derive stellar parameters}",
  journal = {[arXiv:1407.5817]},
archivePrefix = "arXiv",
   eprint = {1407.5817},
 primaryClass = "astro-ph.SR",
 keywords = {Astrophysics - Solar and Stellar Astrophysics},
     year = 2014,
    month = jul,
   adsurl = {http://adsabs.harvard.edu/abs/2014arXiv1407.5817S},
  adsnote = {Provided by the SAO/NASA Astrophysics Data System}
}

@ARTICLE{Sousa-07,
   author = {{Sousa}, S.~G. and {Santos}, N.~C. and {Israelian}, G. and {Mayor}, M. and 
	{Monteiro}, M.~J.~P.~F.~G.},
    title = "{A new code for automatic determination of equivalent widths: Automatic Routine for line Equivalent widths in stellar Spectra (ARES)}",
  journal = {A\&A},
   eprint = {arXiv:astro-ph/0703696},
     year = 2007,
    month = jul,
   volume = 469,
    pages = {783-791},
      doi = {10.1051/0004-6361:20077288},
   adsurl = {http://adsabs.harvard.edu/abs/2007A%26A...469..783S},
  adsnote = {Provided by the Smithsonian/NASA Astrophysics Data System}
}

@ARTICLE{Sousa-08,
       author = {{Sousa}, S.~G. and {Santos}, N.~C. and {Mayor}, M. and {Udry}, S. and {Casagrande}, L. and {Israelian}, G. and {Pepe}, F. and {Queloz}, D. and {Monteiro}, M.~J.~P.~F.~G.},
        title = "{Spectroscopic parameters for 451 stars in the HARPS GTO planet search program. Stellar [Fe/H] and the frequency of exo-Neptunes}",
      journal = {\aap},
     keywords = {methods: data analysis, techniques: spectroscopic, stars: fundamental parameters, stars: planetary systems, stars: planetary systems: formation, Galaxy: solar neighborhood, Astrophysics},
         year = 2008,
        month = aug,
       volume = {487},
       number = {1},
        pages = {373-381},
          doi = {10.1051/0004-6361:200809698},
archivePrefix = {arXiv},
       eprint = {0805.4826},
 primaryClass = {astro-ph},
       adsurl = {https://ui.adsabs.harvard.edu/abs/2008A&A...487..373S},
      adsnote = {Provided by the SAO/NASA Astrophysics Data System}
}




@ARTICLE{Sousa-15,
   author = {{Sousa}, S.~G. and {Santos}, N.~C. and {Adibekyan}, V. and {Delgado-Mena}, E. and 
	{Israelian}, G.},
    title = "{ARES v2: new features and improved performance}",
  journal = {\aap},
archivePrefix = "arXiv",
   eprint = {1504.02725},
 primaryClass = "astro-ph.IM",
 keywords = {techniques: spectroscopic, methods: data analysis, stars: solar-type, stars: abundances},
     year = 2015,
    month = may,
   volume = 577,
      eid = {A67},
    pages = {A67},
      doi = {10.1051/0004-6361/201425463},
   adsurl = {http://adsabs.harvard.edu/abs/2015A%26A...577A..67S},
  adsnote = {Provided by the SAO/NASA Astrophysics Data System}
}

@ARTICLE{Sousa-21,
       author = {{Sousa}, S.~G. and {Adibekyan}, V. and {Delgado-Mena}, E. and {Santos}, N.~C. and {Rojas-Ayala}, B. and {Soares}, B.~M.~T.~B. and {Legoinha}, H. and {Ulmer-Moll}, S. and {Camacho}, J.~D. and {Barros}, S.~C.~C. and {Demangeon}, O.~D.~S. and {Hoyer}, S. and {Israelian}, G. and {Mortier}, A. and {Tsantaki}, M. and {Monteiro}, M.},
        title = "{SWEET-Cat 2.0: The Cat just got SWEETer; Higher quality spectra and precise parallaxes from GAIA eDR3}",
      journal = {arXiv e-prints},
     keywords = {Astrophysics - Earth and Planetary Astrophysics, Astrophysics - Instrumentation and Methods for Astrophysics, Astrophysics - Solar and Stellar Astrophysics},
         year = 2021,
        month = sep,
          eid = {arXiv:2109.04781},
        pages = {arXiv:2109.04781},
archivePrefix = {arXiv},
       eprint = {2109.04781},
 primaryClass = {astro-ph.EP},
       adsurl = {https://ui.adsabs.harvard.edu/abs/2021arXiv210904781S},
      adsnote = {Provided by the SAO/NASA Astrophysics Data System}
}


@ARTICLE{Adibekyan-15,
   author = {{Adibekyan}, V. and {Figueira}, P. and {Santos}, N.~C. and {Sousa}, S.~G. and 
	{Faria}, J.~P. and {Delgado-Mena}, E. and {Oshagh}, M. and {Tsantaki}, M. and 
	{Hakobyan}, A.~A. and {Gonz{\'a}lez Hern{\'a}ndez}, J.~I. and 
	{Su{\'a}rez-Andr{\'e}s}, L. and {Israelian}, G.},
    title = "{Identifying the best iron-peak and {$\alpha$}-capture elements for chemical tagging: The impact of the number of lines on measured scatter}",
  journal = {\aap},
archivePrefix = "arXiv",
   eprint = {1509.02419},
 primaryClass = "astro-ph.SR",
 keywords = {stars: abundances, stars: general, stars: fundamental parameters},
     year = 2015,
    month = nov,
   volume = 583,
      eid = {A94},
    pages = {A94},
      doi = {10.1051/0004-6361/201527120},
   adsurl = {http://adsabs.harvard.edu/abs/2015A%26A...583A..94A},
  adsnote = {Provided by the SAO/NASA Astrophysics Data System}
}


@ARTICLE{Santos-13,
   author = {{Santos}, N.~C. and {Sousa}, S.~G. and {Mortier}, A. and {Neves}, V. and 
	{Adibekyan}, V. and {Tsantaki}, M. and {Delgado Mena}, E. and 
	{Bonfils}, X. and {Israelian}, G. and {Mayor}, M. and {Udry}, S.
	},
    title = "{SWEET-Cat: A catalogue of parameters for Stars With ExoplanETs. I. New atmospheric parameters and masses for 48 stars with planets}",
  journal = {\aap},
archivePrefix = "arXiv",
   eprint = {1307.0354},
 primaryClass = "astro-ph.SR",
 keywords = {planetary systems, stars: solar-type, stars: abundances, catalogs},
     year = 2013,
    month = aug,
   volume = 556,
      eid = {A150},
    pages = {A150},
      doi = {10.1051/0004-6361/201321286},
   adsurl = {http://adsabs.harvard.edu/abs/2013A%26A...556A.150S},
  adsnote = {Provided by the SAO/NASA Astrophysics Data System}
}

@ARTICLE{Tsantaki-2013,
   author = {{Tsantaki}, M. and {Sousa}, S.~G. and {Adibekyan}, V.~Z. and 
	{Santos}, N.~C. and {Mortier}, A. and {Israelian}, G.},
    title = "{Deriving precise parameters for cool solar-type stars. Optimizing the iron line list}",
  journal = {\aap},
archivePrefix = "arXiv",
   eprint = {1304.6639},
 primaryClass = "astro-ph.SR",
 keywords = {stars: fundamental parameters, techniques: spectroscopic},
     year = 2013,
    month = jul,
   volume = 555,
      eid = {A150},
    pages = {A150},
      doi = {10.1051/0004-6361/201321103},
   adsurl = {http://adsabs.harvard.edu/abs/2013A%26A...555A.150T},
  adsnote = {Provided by the SAO/NASA Astrophysics Data System}
}
